@ARTICLE{Amiaz:2007,
  AUTHOR =       {Tomer Amiaz and Eyal Lubetzky and Nahum Kiryati},
  TITLE =        {Coarse to over-fine optical flow estimation},
  JOURNAL =      {Pattern Recognition},
  YEAR =         {2007},
  volume =       {40},
  number =       {9},
  pages =        {2496--2503},
  month =        {sep},
  keywords =     {Optical Flow},
  publisher = {Elsevier Science Inc.},
   address = {New York, NY, USA},
  source =       {},
}

@ARTICLE{Wilson:2005,
  AUTHOR =       {Andrew D Wilson and Edward Cutrell},
  TITLE =        {FlowMouse: A Computer Vision-Based Pointing and Gesture Input Device},
  JOURNAL =      {Lecture Notes in Computer Science},
  YEAR =         {2005},
  volume =       {3585},
  number =       {1},
  pages =        {565--578},
  month =        {},
  note =         {},
  abstract =     {},
  keywords =     {},
  source =       {},
}

@INPROCEEDINGS{Andrews:2003,
  AUTHOR =       {R. Andrews and B. Lovell},
  TITLE =        {Color optical flow},
  BOOKTITLE =    {APRS Proceedings Workshop on Digital Image Computing},
  YEAR =         {2003},
  editor =       {},
  volume =       {},
  number =       {},
  series =       {},
  pages =        {135--139},
  address =      {Brisbane},
  month =        {feb},
  organization = {},
  publisher =    {},
  note =         {},
  abstract =     {},
  keywords =     {},
}


@article{Bruhn:2005,
 author = {Andr\'{e}s Bruhn and Joachim Weickert and Christoph Schn\"{o}rr},
 title = {Lucas/Kanade meets Horn/Schunck: combining local and global optic flow methods},
 journal = {Int. J. Comput. Vision},
 volume = {61},
 number = {3},
 month  = {feb},
 year = {2005},
 issn = {0920-5691},
 pages = {211--231},
 publisher = {Kluwer Academic Publishers},
 address = {Hingham, MA, USA},
 }

@ARTICLE{Barbosa:2005,
  AUTHOR =       {Ricardo L. Barbosa and Rodrigo B. de A. Gallis and Jo{\~a}o F. C. da Silva and Messias M. J{\'u}nior },
  TITLE =        {Optical flow computation for land-based mobile mapping system images },
  JOURNAL =      {Revista Brasileira de Cartografia},
  YEAR =         {2005},
  volume =       {57},
  number =       {2},
  pages =        {72--78},
  month =        {aug},
  note =         {},
  abstract =     {},
  keywords =     {},
  source =       {},
}


@InProceedings\{KB05a,
  author       = {KRAEMER, P. and BENOIS-PINEAU, J.},
  title        = {Camera Motion Detection in the Rough Indexing Paradigm},
  booktitle    = {TREC Video Retrieval Evaluation Online Proceedings, TRECVID05},
  month        = {November},
  year         = {2005},
  url          = {http://www.labri.fr/publications/is/2005/KB05a},
}

@ARTICLE{Kim:2005,
  AUTHOR =       {Yeon-Ho Kim and Aleix M. Martinez and Avi C. Kak},
  TITLE =        {Robust Motion Estimation under Varying Illumination},
  JOURNAL =      {Image and Vision Computing},
  YEAR =         {2005},
  volume =       {23},
  number =       {4},
  pages =        {365-375},
  month =        {},
  note =         {},
  abstract =     {},
  keywords =     {},
  source =       {},
}

@INPROCEEDINGS{Kim:2004,
  AUTHOR =       {Yeon-Ho Kim and Aleix M. Martinez and Avi C. Kak},
  TITLE =        {A Local Approach for Robust Optical Flow Estimation under Varying Illumination},
  BOOKTITLE =    {British Machine Vision Conference },
  YEAR =         {2004},
  editor =       {},
  volume =       {},
  number =       {},
  series =       {},
  pages =        {},
  address =      {},
  month =        {},
  organization = {},
  publisher =    {},
  note =         {},
  abstract =     {},
  keywords =     {},
}

@BOOK{Li:2000,
  AUTHOR =       {Stan Z. Li},
  editor =       { },
  TITLE =        {Markov Random Field, Modeling in Computer Vision},
  PUBLISHER =    {Springler},
  YEAR =         {2000},
  volume =       {},
  number =       {},
  series =       {},
  address =      {London},
  edition =      {2nd},
  month =        {},
  note =         {},
  abstract =     {},
  isbn =         {},
  price =        {},
  keywords =     {},
  source =       {},
}

@INPROCEEDINGS{Zelek:2002,
  AUTHOR =       {J. S. Zelek},
  TITLE =        {A Local Approach for Robust Optical Flow Estimation under Varying Illumination},
  BOOKTITLE =    {15th International vision interface conference},
  YEAR =         {2002},
  editor =       {},
  volume =       {},
  number =       {},
  series =       {},
  pages =        {266-273},
  address =      {},
  month =        {},
  organization = {},
  publisher =    {},
  note =         {},
  abstract =     {},
  keywords =     {},
}

@INPROCEEDINGS{Zhao:2001,
  AUTHOR =       {P. Zhao and M.E. Spetsakis},
  TITLE =        {Near Real-time Optical Flow},
  BOOKTITLE =    {VI 2001 Vision Interface Annual Conference},
  YEAR =         {2001},
  editor =       {},
  volume =       {},
  number =       {},
  series =       {},
  pages =        {},
  address =      {Ottawa, Canada},
  month =        {},
  organization = {},
  publisher =    {},
  note =         {},
  abstract =     {},
  keywords =     {},
}

@INPROCEEDINGS{Barron:2002,
  AUTHOR =       {J. Barron and R. Klette},
  TITLE =        {Quantitative Color Optical Flow},
  BOOKTITLE =    {Proceedings of the 16 th International Conference on Pattern Recognition (ICPR'02)},
  YEAR =         {2002},
  editor =       {},
  volume =       {4},
  number =       {},
  series =       {},
  pages =        {251 -- 255},
  address =      {Washington, DC},
  month =        {},
  organization = {},
  publisher =    {IEEE Computer Society},
  note =         {},
  abstract =     {},
  keywords =     {},
}

@INPROCEEDINGS{Cutler:2002,
  AUTHOR =       {R. Cutler and M. Turk},
  TITLE =        {Quantitative Color Optical Flow},
  BOOKTITLE =    {Proceedings of the 3rd. International Conference on Face & Gesture Recognition },
  YEAR =         {1998},
  editor =       {},
  volume =       {},
  number =       {},
  series =       {},
  pages =        {416--412},
  address =      {Washington, DC},
  month =        {},
  organization = {},
  publisher =    {},
  note =         {},
  abstract =     {},
  keywords =     {},
}

@techreport{Camus:1995,
    author = {Theodore Armand Camus},
    title = {Real-Time Optical Flow},
    number = {CS-94-36},
    year = {1995},
    url = {citeseer.ist.psu.edu/article/camus95realtime.html},
}

@INPROCEEDINGS{Lucas:1989,
  AUTHOR =       {B D Lucas and T. Kanade},
  TITLE =        {An iterative image registration technique with an application to stereo vision},
  BOOKTITLE =    {Proceedings of Imaging Understanding Workshop},
  YEAR =         {1981},
  editor =       {},
  volume =       {},
  number =       {},
  series =       {},
  pages =        {121--130},
  address =      {},
  month =        {Abr},
  organization = {},
  publisher =    {},
  note =         {},
  abstract =     {},
  keywords =     {},
}

@ARTICLE{Barron:1994,
  AUTHOR =       {J. L. Barron and D. J. Fleet and S. S. Beauchemin},
  TITLE =        {Performance of Optical Flow Techiniques},
  JOURNAL =      {International Journal of Computer Vision},
  YEAR =         {1994},
  volume =       {12},
  number =       {1},
  pages =        {43 -- 77},
  month =        {},
  note =         {},
  abstract =     {},
  keywords =     {},
  source =       {},
}

@ARTICLE{Beauchemin:1995,
  AUTHOR =       {S. S. Beauchemin and J. L. Barron},
  TITLE =        {The computation of optical flow},
  JOURNAL =      {ACM Computing Surveys (CSUR)},
  YEAR =         {1995},
  volume =       {27},
  number =       {3},
  pages =        {433 - 466  },
  month =        {sep},
  note =         {},
  abstract =     {},
  keywords =     {},
  source =       {},
}

@ARTICLE{Horn:1981,
  AUTHOR =       {B. K. Horn and B. G. Schunck},
  TITLE =        {Determining Optical Flow },
  JOURNAL =      {Artificial Intelligence},
  YEAR =         {1981},
  volume =       {17},
  number =       {},
  pages =        {185--203},
  month =        {},
  note =         {},
  abstract =     {},
  keywords =     {},
  source =       {},
}

@inproceedings{ lucas81iterative,
    author = "Lucas, B.D. and Kanade, T.",
    title = "An Iterative Image Registration Technique with an Application to Stereo Vision",
    booktitle = "IJCAI81",
    pages = "674-679",
    year = "1981",
    url = "citeseer.ist.psu.edu/lucas81iterative.html"
}

@ARTICLE{Bruhn:2003,
  AUTHOR =       {A. Bruhn and J. Weickert and C. Feddern and T. Kohlberger and C. Schn{\"o}rr.},
  TITLE =        {Real-time optic flow computation with variational methods},
  JOURNAL =      {Lecture Notes in Computer Science},
  YEAR =         {2003},
  volume =       {2756},
  number =       {},
  pages =        {222--229},
  month =        {},
  note =         {},
  abstract =     {},
  keywords =     {},
  source =       {},
}

@TECHREPORT{Bouguet:1999,
  AUTHOR =       {J.-Y. Bouguet},
  TITLE =        {Pyramidal Implementation of the Lucas Kanade Feature Tracker Description of the Algorithm},
  INSTITUTION =  {Intel Corporation, Microprocessor Research Labs},
  YEAR =         {1999},
  type =         {},
  number =       {},
  address =      {},
  month =        {},
  note =         {},
  abstract =     {},
  keywords =     {},
  source =       {},
}

@ARTICLE{Mitiche:2004,
  AUTHOR =       {A. Mitiche and A.-R Mansouri},
  TITLE =        { On convergence of the Horn and Schunck optical-flow estimation method},
  JOURNAL =      {IEEE Transactions on Image Processing},
  YEAR =         {2004},
  volume =       {13},
  number =       {6},
  pages =        {848- 852},
  month =        {jun},
  note =         {},
  abstract =     {},
  keywords =     {},
  source =       {},
}


@article{Denman:2007,
 author = {Simon Denman and Vinod Chandran and Sridha Sridharan},
 title = {An adaptive optical flow technique for person tracking systems},
 journal = {Pattern Recogn. Lett.},
 volume = {28},
 number = {10},
 year = {2007},
 issn = {0167-8655},
 pages = {1232--1239},
 doi = {http://dx.doi.org/10.1016/j.patrec.2007.02.008},
 publisher = {Elsevier Science Inc.},
 address = {New York, NY, USA},
 }


@INPROCEEDINGS{Broszio:1999,
  AUTHOR =       {H. Broszio and O. Grau},
  TITLE =        {Robust Estimation of Camera Parameters Pan, Tilt and Zoom for Integration of Virtual Objects into Video Sequences},
  BOOKTITLE =    {International Workshop on Synthetic-Natural Hybrid Coding and Three-Dimensional (3D)},
  YEAR =         {1999},
  editor =       {},
  volume =       {},
  number =       {},
  series =       {},
  pages =        {},
  address =      {Santorini, Greece},
  month =        {sep},
  organization = {},
  publisher =    {},
  note =         {},
  abstract =     {},
  keywords =     {},
}

@ARTICLE{Hussei:1991,
  AUTHOR =       {John H. Hussy},
  TITLE =        {Optical Flow in Image Sequence Coding},
  JOURNAL =      {Physica Scripta},
  YEAR =         {1991},
  volume =       {T38},
  number =       {},
  pages =        {113--116},
  month =        {},
  note =         {},
  abstract =     {},
  keywords =     {},
  source =       {},
}

@INPROCEEDINGS{Migliore:2006,
  AUTHOR =       {Davide A. Migliore and Matteo Matteucci and Matteo Naccari},
  TITLE =        {A revaluation of frame difference in fast and robust motion detection},
  BOOKTITLE =    {Proceedings of the 4th ACM international workshop on Video surveillance and sensor networks},
  YEAR =         {2006},
  editor =       {},
  volume =       {},
  number =       {},
  series =       {},
  pages =        {215 - 218},
  address =      {Santa Barbara, California, USA},
  month =        {},
  organization = {},
  publisher =    {},
  note =         {},
  abstract =     {},
  keywords =     {},
}
@INPROCEEDINGS{Laureano:2006,
  AUTHOR =       {G. T. LAUREANO and M. S. V. de PAIVA},
  TITLE =        {Detec{\c{c}}{\~a}o de Obst{\'a}culos Utilizando Fluxo {\'O}ptico em Seq{\"u}{\^e}ncias de Imagens},
  BOOKTITLE =    {II Workshop de Vis{\~a}o Computacional (WVC 2006)},
  YEAR =         {2006},
  editor =       {},
  volume =       {},
  number =       {},
  series =       {},
  pages =        {295-298},
  address =      {S{\~a}o Carlos - SP},
  month =        {},
  organization = {},
  publisher =    {USP},
  note =         {},
  abstract =     {},
  keywords =     {},
}
