@INPROCEEDINGS{Robs,
  AUTHOR =       {Michael Robs and Philipp Zweifel},
  TITLE =        {A Conceptual Framework for Camera Phone-based Interaction Techniques},
  BOOKTITLE =    {Proc. of PERVASIVE 2005},
  YEAR =         {2005},
  editor =       {},
  volume =       {},
  number =       {},
  series =       {},
  pages =        {},
  address =      {Munich, Germany},
  month =        {mai},
  organization = {},
  publisher =    {},
  note =         {},
  abstract =     {},
  keywords =     {},
}

@INPROCEEDINGS{Wang,
  AUTHOR =       {Jingtao Wang and Shumin Zhai and John Canny},
  TITLE =        {Camera Phone Based Motion Sensing: Interaction, Techiniques, Applications and Performance Study},
  BOOKTITLE =    {Proceedings of the 19th annual ACM symposium on User interface software and technology},
  YEAR =         {2006},
  editor =       {},
  volume =       {},
  number =       {},
  series =       {},
  pages =        {101--110},
  address =      {Montreux, Switzerland},
  month =        {},
  organization = {},
  publisher =    {},
  note =         {},
  abstract =     {},
  keywords =     {},
}

@ARTICLE{MacKenzie,
  AUTHOR =       {I. Scott MacKenzie and Shaidah Jusoh},
  TITLE =        {An Evaluation of Two Input Devices for Remote Pointing},
  JOURNAL =      {Lecture Notes In Computer Science},
  YEAR =         {2001},
  volume =       {2254},
  number =       {},
  pages =        {235--250},
  month =        {},
  note =         {},
  abstract =     {},
  keywords =     {},
  source =       {},
}

@ARTICLE{Masui,
  AUTHOR =       {Toshiyuki Masui and Itiro Siio},
  TITLE =        {Real--World Graphical User Interfaces},
  JOURNAL =      {Lecture Notes In Computer Science},
  YEAR =         {2000},
  volume =       {1927},
  number =       {},
  pages =        {72--84},
  month =        {},
  note =         {},
  abstract =     {},
  keywords =     {},
  source =       {},
}


@INPROCEEDINGS{Hinckley,
  AUTHOR =       {Ken Hinckley and Jeff Pierce and Mike Sinclair and Erick Horvitz},
  TITLE =        {Sensing Techiniques for Mobile Interaction},
  BOOKTITLE =    {Proc of UIST 2000},
  YEAR =         {2000},
  editor =       {},
  volume =       {},
  number =       {},
  series =       {},
  pages =        {91-100},
  address =      {},
  month =        {},
  organization = {},
  publisher =    {},
  note =         {},
  abstract =     {},
  keywords =     {},
}

@INPROCEEDINGS{Harrison,
  AUTHOR =       {B. L. Harrison},
  TITLE =        {Squeeze me, hold me, tilt me! An exploration of manipulative user interfaces},
  BOOKTITLE =    {In Proc of CHI 1998},
  YEAR =         {1998},
  editor =       {},
  volume =       {},
  number =       {},
  series =       {},
  pages =        {17--24},
  address =      {},
  month =        {apr},
  organization = {},
  publisher =    {},
  note =         {},
  abstract =     {},
  keywords =     {},
}

@MISC{BNokia6230i,
  title =        {Nokia 6230i Bluetooth Mouse Mod},
  url          = {http://www.pyrofersprojects.com/blog/?page_id=41},
  urlacessdate = {4 de junho de 2007},
}

@ARTICLE{IdK,
  AUTHOR =       {N sei quem eh},
  TITLE =        {1},
  JOURNAL =      {2},
  YEAR =         {3},
  volume =       {4},
  number =       {5},
  pages =        {6},
  month =        {7},
  note =         {},
  abstract =     {},
  keywords =     {},
  source =       {},
}

@PATENT{Jepsen,
  AUTHOR =       {A. G. Jepsen and K. Salsman and J. Sweetser},
  TITLE  =       {Handlet Device for Handled Vision Based Absolute Pointing System},
  number =      {US 2006/0152487 A1},
  howpublished ={Jul. 13, 2006},
}

@INPROCEEDINGS{Ballagas,
  AUTHOR =       {R. Ballagas and M. Rohs and J. G. Sheridan},
  TITLE =        {Sweep and Point \& Shoot: Phonecam-based Interactions for Large Public Displays},
  BOOKTITLE =    {In Proc of CHI 2005},
  YEAR =         {2005},
  editor =       {},
  volume =       {},
  number =       {},
  series =       {},
  pages =        {2--7},
  address =      {},
  month =        {apr},
  organization = {},
  publisher =    {},
  note =         {},
  abstract =     {},
  keywords =     {},
}

@ARTICLE{CameraMouse,
  AUTHOR =       {M. Betke and J. Gips and P. Fleming},
  TITLE =        {The Camera Mouse: Visual Tracking of Body Features to Provide Computer Access for People with Severe Disabilities},
  JOURNAL =      {IEEE Transactions on Neural Systems and Rehabilitation Engineering},
  YEAR =         {2002},
  volume =       {10},
  number =       {1},
  pages =        {1--10},
  month =        {},
  note =         {},
  abstract =     {},
  keywords =     {},
  source =       {},
}


@ARTICLE{Nouse,
  AUTHOR =       {D. O. Gorodnichy and S. Malik and G. Roth},
  TITLE =        {Nouse ``Use Your Nose as a Mouse'' -- a New Technology for Hands-free Games and Interfaces},
  JOURNAL =      {},
  YEAR =         {???},
  volume =       {},
  number =       {},
  pages =        {},
  month =        {},
  note =         {},
  abstract =     {},
  keywords =     {},
  source =       {},
  url    =       {http://www.cv.iit.nrc.ca/research/Nouse},
}
@ARTICLE{Vinteraction,
  AUTHOR =       {J. L. Crowley and J. Coutaz},
  TITLE =        {Vision for Man machine Interaction},
  JOURNAL =      {},
  YEAR =         {},
  volume =       {},
  number =       {},
  pages =        {},
  month =        {},
  note =         {},
  abstract =     {},
  keywords =     {},
  source =       {},
}


@BOOK{Li,
  AUTHOR =       {Stan Z. Li},
  editor =       { },
  TITLE =        {Markov Random Field, Modeling in Computer Vision},
  PUBLISHER =    {Springler},
  YEAR =         {2000},
  volume =       {},
  number =       {},
  series =       {},
  address =      {},
  edition =      {2nd},
  month =        {},
  note =         {},
  abstract =     {},
  isbn =         {},
  price =        {},
  keywords =     {},
  source =       {},
}
@ARTICLE{Horn,
  AUTHOR =       {B. K. Horn and B. G. Schunck},
  TITLE =        {Determining Optical Flow },
  JOURNAL =      {AI Memo 572. Massachusetts Institue of Technology},
  YEAR =         {1980},
  volume =       { },
  number =       {},
  pages =        {},
  month =        {},
  note =         {},
  abstract =     {},
  keywords =     {},
  source =       {},
}

@ARTICLE{Barron,
  AUTHOR =       {J. L. Barron and D. J. Fleet and S. S. Beauchemin},
  TITLE =        {Performance of Optical Flow Techiniques},
  JOURNAL =      {International Journal of Computer Vision},
  YEAR =         {1994},
  volume =       {12},
  number =       {1},
  pages =        {43 -- 77},
  month =        {},
  note =         {},
  abstract =     {},
  keywords =     {},
  source =       {},
}
@ARTICLE{Barbosa,
  AUTHOR =       {Ricardo Luís Barbosa and Rodrigo Bezerra de Araújo Gallis and João Fernando Custódio da Silva and Messias Meneguette Júnior},
  TITLE =        {A Computa{ç}ão do Fluxo Óptico em Imagens Obtidas por um Sistema Móvel de Mapeamento Terrestre},
  JOURNAL =      {Revista Brasileira de Cartografia},
  YEAR =         {2005},
  volume =       {57},
  number =       {2},
  pages =        {72 -- 78},
  month =        {},
  note =         {},
  abstract =     {},
  keywords =     {},
  source =       {},
}
@ARTICLE{Wang:2003,
  AUTHOR =       {Liang Wang and Weiming Hu and Tieniu Tan},
  TITLE =        {Recent Developments in Human Motion Analysis},
  JOURNAL =      {Pattern Recognition},
  YEAR =         {2003},
  volume =       {36},
  number =       {},
  pages =        {585-601},
  month =        {},
  note =         {},
  abstract =     {},
  keywords =     {},
  source =       {},
}


@BOOK{Gonzalez:2002,
  AUTHOR =       {R.C. Gonzalez and R.E Woods},
  TITLE =        {Digital Image Processing},
  PUBLISHER =    {Prentice Hall},
  YEAR =         {2002},
  volume =       { },
  number =       { },
  series =       { },
  address =      {New York},
  edition =      { },
  month =        { },
  note =         { },
  abstract =     { },
  isbn =         { },
  price =        { },
  keywords =     { },
  source =       { },
  file = F
}

@PATENT{PatentABSPoint,
author  =       {A. Grunnet--Jepsen and K. Salsman and J. Sweetser},
howpublished =  {21 jul. 2005, 13. Jul 2006},
number  =       {US 2006/0152487},
organization =  {Blakely Skoloff Taylor \& Zafman},
title       =   {Handleld Device For Handheld Vision Based Absolute Pointing System},
}

@INPROCEEDINGS{Karmann,
  AUTHOR =       {K. P. Karmann and A. Brandt},
  TITLE =        {Moving Object Recognition using and Adaptive Background Memory},
  BOOKTITLE =    {Time-Varying Image Processing and Moving Object Recognition},
  YEAR =         {1990},
  editor =       {V. Cappellini},
  volume =       {2},
  number =       {},
  series =       {},
  pages =        {},
  address =      {Amsterdam},
  month =        {},
  organization = {},
  publisher =    {Elsevier},
  note =         {},
  abstract =     {},
  keywords =     {},
}

@ARTICLE{Jacques,
  AUTHOR =       {Julio Cezar Silveira Jacques Jr and Claudio Rosito Jung},
  TITLE =        {Background Subtraction and Shadow Detection in Grayscale Video Sequences},
  JOURNAL =      {},
  YEAR =         {},
  volume =       {},
  number =       {},
  pages =        {},
  month =        {},
  note =         {},
  abstract =     {},
  keywords =     {},
  source =       {},
}


[9] A. G. Jepsen, K. Salsman and J. Sweetser, , Patent US 2006/0152487 A1,, Jul. 13, 2006.
[10]    R. Ballagas, M. Rohs and J. G. Sheridan, Sweep and Point & Shoot: Phonecam-based Interactions for Large Public Displays, CHI 2005, Apr 2-7, 2005.
[11]     Camera Mouse
[12]     Nouse
[13]     Vision for Man machine Interaction
[14]    HORN, B. K.; SCHUNCK, B. G. Determining optical flow. AI Memo 572. Massachusetts Institue of Technology, 1980.
[15]    LI, S. Z. Markov Random Field, Modeling in Computer Vision. 2nd. ed., Springler, 2000.
[16]    BARBOSA, R. L. et al. A computa{ç}ão do fuxo óptico em imagens obtidas por um sistema móvel de mapeamento terrestre. Revista Brasileira de Cartografia,v. 57, n. 2, p. 72 _ 78, 2005.
[17]    4 BARRON, J. L.; FLEET, D. J.; BEAUCHEMIN, S. S. Performance of optical flow techiniques. International Journal of Computer Vision, v. 12, n. 1, p. 43 - 77, 1994.
