@BOOK{Gonzalez:2008,
  AUTHOR =       {R. C. Gonzalez and R. E. Woods},
  editor =       {},
  TITLE =        {Digital Image Processing},
  PUBLISHER =    {Academic Press},
  YEAR =         {2008},
  volume =       {},
  number =       {},
  series =       {},
  address =      {New York, NY},
  edition =      {3rd},
  month =        {},
  note =         {},
  abstract =     {},
  isbn =         {},
  price =        {},
  keywords =     {},
  source =       {},
}

@INBOOK{Fleet:2005,
  AUTHOR =       {},
  editor =       {N. Paragios and Y. Chen and O. Faugeras},
  TITLE =        {Mathematical Models in Computer Vision: The Handbook},
  CHAPTER =      {15 - Optical Flow Estimation},
  pages =        {1--24},
  PUBLISHER =    {Springler},
  YEAR =         {2005},
  volume =       {},
  number =       {},
  series =       {},
  type =         {},
  address =      {Munich, Germany},
  edition =      {},
  month =        {},
  note =         {},
  abstract =     {},
  keywords =     {},
}

@BOOK{Li,
  AUTHOR =       {Stan Z. Li},
  editor =       { },
  TITLE =        {Markov Random Field, Modeling in Computer Vision},
  PUBLISHER =    {Springler},
  YEAR =         {2000},
  volume =       {},
  number =       {},
  series =       {},
  address =      {Munich, Germany},
  edition =      {2nd},
  month =        {},
  note =         {},
  abstract =     {},
  isbn =         {},
  price =        {},
  keywords =     {},
  source =       {},
}

@BOOK{Poularias:1999,
  AUTHOR =       {},
  editor =       {A. D. Poularikas},
  TITLE =        {Probability and Stochastic Processes - The Handbook of Formulas and Tables for Signal Processing},
  PUBLISHER =    {CRC PRESS},
  YEAR =         {1999},
  volume =       {},
  number =       {},
  series =       {},
  address =      {},
  edition =      {},
  month =        {},
  note =         {},
  abstract =     {},
  isbn =         {},
  price =        {},
  keywords =     {},
  source =       {},
}
