@ARTICLE{Jeffrey:2007,
  AUTHOR =       {Jeffrey D. Ward, Cheng-Ching Yu},
  TITLE =        {Population Balance Modeling in Simulink PCSS},
  JOURNAL =      {Computers and Chemical Engineering},
  YEAR =         {2007},
  volume =       {},
  number =       {},
  pages =        {},
  month =        {},
  note =         {},
  abstract =     {},
  keywords =     {},
  source =       {},
}

@BOOK{Li,
  AUTHOR =       {Stan Z. Li},
  editor =       { },
  TITLE =        {Markov Random Field, Modeling in Computer Vision},
  PUBLISHER =    {Springler},
  YEAR =         {2000},
  volume =       {},
  number =       {},
  series =       {},
  address =      {},
  edition =      {2nd},
  month =        {},
  note =         {},
  abstract =     {},
  isbn =         {},
  price =        {},
  keywords =     {},
  source =       {},
}
@ARTICLE{Horn,
  AUTHOR =       {B. K. Horn and B. G. Schunck},
  TITLE =        {Determining Optical Flow },
  JOURNAL =      {AI Memo 572. Massachusetts Institue of Technology},
  YEAR =         {1980},
  volume =       { },
  number =       {},
  pages =        {},
  month =        {},
  note =         {},
  abstract =     {},
  keywords =     {},
  source =       {},
}

@ARTICLE{Barron,
  AUTHOR =       {J. L. Barron and D. J. Fleet and S. S. Beauchemin},
  TITLE =        {Performance of Optical Flow Techiniques},
  JOURNAL =      {International Journal of Computer Vision},
  YEAR =         {1994},
  volume =       {12},
  number =       {1},
  pages =        {43 -- 77},
  month =        {},
  note =         {},
  abstract =     {},
  keywords =     {},
  source =       {},
}
@ARTICLE{Barbosa,
  AUTHOR =       {Ricardo Lu{\'\i}s Barbosa and Rodrigo Bezerra de Ara{\'u}jo Gallis and Jo{\~a}o Fernando Cust{\'o}dio da Silva and
  Messias Meneguette J{\'u}nior},
  TITLE =        {A Computa{\c{c}}{\~a}o do Fluxo {\'O}ptico em Imagens Obtidas por um Sistema M{\'o}vel de Mapeamento Terrestre},
  JOURNAL =      {Revista Brasileira de Cartografia},
  YEAR =         {2005},
  volume =       {57},
  number =       {2},
  pages =        {72 -- 78},
  month =        {},
  note =         {},
  abstract =     {},
  keywords =     {},
  source =       {},
}

@BOOK{Gonzalez:2007,
  AUTHOR =       {R. C. Gonzalez and R. E. Woods},
  editor =       {},
  TITLE =        {Digital Image Processing},
  PUBLISHER =    {Prentice Hall},
  YEAR =         {2008},
  volume =       {},
  number =       {},
  series =       {},
  address =      {New York},
  edition =      {3rd},
  month =        {},
  note =         {},
  abstract =     {},
  isbn =         {},
  price =        {},
  keywords =     {},
  source =       {},
  }

@INPROCEEDINGS{Andrews:2003,
  AUTHOR =       {Robert J. Andrews and Brian C. Lovell},
  TITLE =        {Color Optical Flow},
  BOOKTITLE =    {Proceedings Workshop on Digital Image Computing WDIC 2003},
  YEAR =         {2003},
  editor =       {},
  volume =       {},
  number =       {},
  series =       {},
  pages =        {},
  address =      {Brisbane},
  month =        {},
  organization = {},
  publisher =    {},
  note =         {},
  abstract =     {},
  keywords =     {},
}

@INPROCEEDINGS{Boluda:1997,
  AUTHOR =       {Jose A. Boluda and Juan Domingo and Fernando Pardo and Joan Pelechano},
  TITLE =        {Motion Detection Independent of the Camera Movement with a Logpolar Sensor},
  BOOKTITLE =    {13th International Conference on Digital Signal Processing Proceedings},
  YEAR =         {1997},
  editor =       {},
  volume =       {2},
  pages =        {809 -- 812},
  address =      {Santorini, Greece},
  month =        {Jul},

}


@INPROCEEDINGS{Kim:2004,
  AUTHOR =       {Y-H. Kim and A. M. Mart{\'\i}nez and A. C. Kak},
  TITLE =        {A Local Approach for Robust Optical Flow Estimation under Vary Illumination},
  BOOKTITLE =    {Brittish Machine Vision Conference 2004},
  YEAR =         {2004},
  editor =       {},
  volume =       {},
  number =       {},
  series =       {},
  pages =        {},
  address =      {},
  month =        {},
  organization = {},
  publisher =    {},
  note =         {},
  abstract =     {},
  keywords =     {},
}


@MISC{mathworks,
  author =       {MathWorks Matlab/Simulink},
  title =        {},
  howpublished = {},
  year =         {},
  month =        {},
  note =         {},
  abstract =     {},
  keywords =     {},
  source =       {},
  url   =        {http://www.mathworks.com}
}

@ARTICLE{Taylor:2004,
  AUTHOR =       {C. James Taylor and Paul G. McKenna and Peter C. Young and Arun Chotai and Mike Mackinnon},
  TITLE =        {Macroscopic traffic flow modelling and ramp metering control using Matlab/Simulink},
  JOURNAL =      {Environmental Modelling \& Software},
  YEAR =         {2004},
  volume =       {19},
  number =       {},
  pages =        {975--988},
  month =        {},
  note =         {},
  abstract =     {},
  keywords =     {},
  source =       {},
}

@ARTICLE{Kalagasidis:2007,
  AUTHOR =       {Angela Sasic Kalagasidis and Peter Weitzmann and Toke Rammer Nielsen and Ruut Peuhkuri and Carl-Eric
  Hagentoft and Carsten Rode},
  TITLE =        {The International Building Physics Toolbox in Simulink},
  JOURNAL =      {Energy and Buildings},
  YEAR =         {2007},
  volume =       {39},
  number =       {},
  pages =        {665--674},
  month =        {},
  note =         {},
  abstract =     {},
  keywords =     {},
  source =       {},
}
@MANUAL{Femlab,
  TITLE =        {FEMLAB. 2000b. Reference Manual},
  author =       {},
  organization = {FEMLAB},
  address =      {},
  edition =      {2nd},
  month =        {},
  year =         {2000},
  note =         {},
  abstract =     {},
  keywords =     {},
  source =       {},
}
@MANUAL{ImageAquisition,
  TITLE =        {Image Acquisition Toolbox - User Guide},
  author =       {},
  organization = {Mathworks},
  address =      {3 Apple Hill Drive Natick, MA},
  edition =      {},
  month =        {sep},
  year =         {2006},
  note =         { },
  abstract =     { },
  keywords =     { },
  source =       { },
}

@MANUAL{VIP,
  TITLE =        {Video and Image Processing Blockset - Userguide},
  author =       {},
  organization = {Mathworks},
  address =      {3 Apple Hill Drive Natick, MA},
  edition =      {},
  month =        {sep},
  year =         {2006},
  note =         { },
  abstract =     { },
  keywords =     { },
  source =       { },
}

@ARTICLE{Neoh:2005,
  AUTHOR =       {H. Neoh and A. },
  TITLE =        {Adaptive Edge Detection for Real-Time Video Processing Using FPGAs},
  JOURNAL =      {Global Signal Processing},
  YEAR =         {2004},
  volume =       {},
  number =       {},
  pages =        {},
  month =        {},
  note =         {},
  abstract =     {},
  keywords =     {},
  source =       {},
}

@ARTICLE{Otsu,
  AUTHOR =       {N. Otsu},
  TITLE =        {A Threshold Selection Method from Gray-Level Histogram},
  JOURNAL =      {IEEE Trans. Systems, Man, and Cybernetics},
  YEAR =         {1979},
  volume =       {9},
  number =       {},
  pages =        {62-66},
  month =        {},
  note =         {},
  abstract =     {},
  keywords =     {},
  source =       {},
}

@ARTICLE{LEE:1993,
  AUTHOR =       {J.-S. Lee and Y.-N Sun and C.-H. Chen and C.-T Tsai},
  TITLE =        {Wavelet Based Corner Detection},
  JOURNAL =      {Pattern Recognition},
  YEAR =         {1993},
  volume =       {26},
  number =       {6},
  pages =        {853 -- 865},
  month =        {jun},
  note =         {},
  abstract =     {},
  keywords =     {},
  source =       {},
}

@MASTERSTHESIS{Passarinho,
  AUTHOR =       {C. J. P. Passarinho},
  TITLE =        {Avalia{\c{c}}{\~a}o do Tratamento Fisioterap{\^e}utico de Desvios Posturais por Reeduca{\c{c}}{\~a}o postural Global
  Utilizando T{\'e}cnicas de Processamento Digital de Imagens},
  SCHOOL =       {Universidade Federal do Cear{\'a}},
  YEAR =         {2005},
  type =         {},
  address =      {Dep de Eng de Teleinform{\'a}tica},
  month =        {jan},
  note =         {},
  abstract =     {},
  keywords =     {},
  source =       {},
}

@ARTICLE{Cesar:1996,
  AUTHOR =       {R. M. J. Cesar and L. d. F. Costa },
  TITLE =        {Towards Effective Planar Shape Representation With Multiscale Digital Curvature Analysis based on
  Signal Processing Techiniques},
  JOURNAL =      {Pattern Recognition},
  YEAR =         {1996},
  volume =       {28},
  number =       {9},
  pages =        {1559 -- 1569},
  month =        {sep},
  note =         {},
  abstract =     {},
  keywords =     {},
  source =       {},
}

@MASTERSTHESIS{Ialis,
  AUTHOR =       {I{\'a}lis Cavalcante de Paula J{\'u}nior},
  TITLE =        {Abordagem Wavelet Para Detec{\c{c}}{\~a}o de Cantos em Formas},
  SCHOOL =       {Universidade Federal do Cear{\'a}},
  YEAR =         {2007},
  type =         {},
  address =      {Dep de Eng de Teleinform{\'a}tica},
  month =        {mar},
  note =         {},
  abstract =     {},
  keywords =     {},
  source =       {},
}
